@article{downey1995fixed,
  title={Fixed-parameter tractability and completeness II: On completeness for W [1]},
  author={Downey, Rod G and Fellows, Michael R},
  journal={Theoretical Computer Science},
  volume={141},
  number={1-2},
  pages={109--131},
  year={1995},
  publisher={Elsevier}
}


@misc{UnderLoardsInput,
  author = {Alexander Ponomarenko, Dmitry Sirotkin},
  title = {github repository of supporting matterials for the {Dota Underloars paper}} ,
  howpublished = {\url{https://github.com/aponom84/UnderLords/blob/master/UnderLordsData.xlsx},},
  note = {Accessed: 2010-09-30}
}

%@online{UnderLoardsInput,
%  author = {Alexander Ponomarenko, Dmitry Sirotkin},
%  title = {github repository of supporting matterials for the Dota Underloars paper},
%  year = 2020,
%  url = {https://github.com/aponom84/UnderLords/blob/master/UnderLordsData.xlsx},
%  urldate = {2020-06-12}
%}
